% Encoding: UTF-8

%[ORGANIZATIONS]

@string{aaai = "American Association for Artificial Intelligence"}

@string{aaai-ad = "Menlo Park"}

@string{aamas04 = "3rd International Joint Conference on Autonomous Agents
          and Multiagent Systems"}

@string{aamas04Addr = "New York, NY, USA"}

@string{aamas04Ed = "Sierra, C. and Sonenberg, L."}

@string{acl = "Association for Computational Linguistics"}

@string{acm = "Association for Computing Machinery"}

@string{acm-ad = "New York"}

%[IMPORTED STRING DEFINITIONS]

%[JOURNALS]

@string{aij = "Artificial Intelligence"}

@string{aimag = "AI~Magazine"}

@string{bij = "Bioinformatics"}

%[SCHOOLS]

@string{cmucs = "Computer Science Department, Carnegie-Mellon University"}

@string{cmucs-ad = "Pittsburgh, Pennsylvania"}

@string{dke = "Data and Knowledge Engineering"}

@string{dmkd = "Data Mining and Knowledge Discovery"}

@string{ida = "Intelligent Data Analysis"}

%[CONFERENCES]

@string{kdd02 = "Proceedings of the Conference on Knowledge and Data Discovery
                 (KDD-2002)"}

@string{kde = "IEEE Transactions on Knowledge and Data Engineering"}

@string{kdmm98 = "Proceedings of the 4th International Conference on Knowledge Discovery and Data Mining"}

@string{kdmm98addr = "New York"}

%[PUBLISHERS]

@string{kluwer = "Kluwer Academic Publishers"}

@string{kluwer-ad = "Dordrecht, The Netherlands"}

@string{ml = "Machine Learning"}

@string{pami = "IEEE Transactions on Pattern Analysis and Machine Intelligence (PAMI)"}

@string{sigkdd = "SIGKDD Explorations"}

@string{SV = "Springer-Verlag"}

@string{uai00 = "Proceedings of the 16th Annual Conference on Uncertainty in Artificial Intelligence"}
@string{UNKNOWN = "UNKNOWN"}

@string{upenn = "University of Pennsylvania"}


@inproceedings{Chopra06aamas,
  author    = {Amit K. Chopra and
               Munindar P. Singh},
  title     = {Contextualizing commitment protocol},
  booktitle = {AAMAS},
  crossref  = {DBLP:conf/atal/2006},
  year      = {2006},
  pages     = {1345-1352},

}

%[REFERENCES] %%%%%%%%%%%%%%%%%%%%%%%%%%%%%%%%%%%%%%%%%%%%%%%%%%

@book{williamStallings,
  title={Data and Computer Communications},
  author={William Stallings},
  edition={8th},
  year={2007},
  publisher={Pearson Education}
}

@book{flaskweb,
  title={Flask Web Development, Developing Web Applications with Python},
  author={Miguel Grinberg},
  edition={2nd},
  year={2018},
  publisher={O'Reilly Media}
}

@book{mongoDB,
  title={Practical MongoDB Aggregations},
  author={Paul Done},
  version={7.00},
  year={2023},
  publisher={Packt}
}

@manual{mqttstandard,
  title={MQTT Version 3.1.1},
  editors={Andrew Banks and Rahul Gupta},
  organization={OASIS Standard},
  year={29 October 2014},
  url="http://docs.oasis-open.org/mqtt/mqtt/v3.1.1/os/mqtt-v3.1.1-os.html"
}

@manual{i2ctutorial,
  author={{NXP Smeniconductors}},
  title={I2C-bus specification and user manual},
  url="https://www.nxp.com/docs/en/user-guide/UM10204.pdf",
  year={October 2021}
}

@article{wifichannels,
  journal={ResearchGate},
  author={Farah Moety},
  title={Joint Minimization of Power and Delay in Wireless Access Networks},
  url="https://www.researchgate.net/publication/278827252_Joint_Minimization_of_Power_and_Delay_in_Wireless_Access_Networks",
  year={December 2014}
}

@manual{atwinc1500,
  author={{Microchip Technology Inc.}},
  title={ATWINC15x0-MR210xB IEEEÂ® 802.11 b/g/n SmartConnect IoT Module},
  year={2018}
}